%% This BibTeX bibliography file was created using BibDesk.
%% http://bibdesk.sourceforge.net/


%% Created for Noel Pimentel at 2015-10-01 01:43:51 -0700 


%% Saved with string encoding Unicode (UTF-8) 



@misc{haxby2001vor,
	Author = {Haxby, James V and others},
	Date-Added = {2015-10-01 08:39:42 +0000},
	Date-Modified = {2015-10-01 08:43:48 +0000},
	Howpublished = {https://openfmri.org/dataset/ds000105},
	Title = {Visual Object Recognition},
	Year = {2001}}

@article{hanson2004combinatorial,
	Author = {Hanson, Stephen J and others},
	Date-Modified = {2015-10-01 07:57:27 +0000},
	Journal = {NeuroImage},
	Number = {1},
	Pages = {156--166},
	Publisher = {Elsevier},
	Title = {Combinatorial codes in ventral temporal lobe for object recognition},
	Volume = {23},
	Year = {2004}}

@article{haxby2001vt,
	Author = {Haxby, James V},
	Date-Added = {2015-10-01 08:02:54 +0000},
	Date-Modified = {2015-10-01 08:06:04 +0000},
	Journal = {Science},
	Number = {5539},
	Pages = {2425--2430},
	Title = {Distributed and Overlapping Representations of Faces and Objects in Ventral Temporal Cortex},
	Volume = {293},
	Year = {2001}}
