%% This BibTeX bibliography file was created using BibDesk.
%% http://bibdesk.sourceforge.net/


%% Created for Noel Pimentel at 2015-11-01 20:29:34 -0800 


%% Saved with string encoding Unicode (UTF-8) 



@article{hanson2004combinatorial,
	Author = {Hanson, Stephen J and others},
	Date-Added = {2015-11-02 04:28:08 +0000},
	Date-Modified = {2015-11-02 04:29:12 +0000},
	Journal = {NeuroImage},
	Keywords = {Elsevier},
	Number = {1},
	Pages = {156--166},
	Title = {Combinatorial codes in ventral temporal lobe for object recognition},
	Volume = {23},
	Year = {2004}}

@article{lindquist2008statistical,
	Author = {Lindquist, Martin A and others},
	Journal = {Statistical Science},
	Number = {4},
	Pages = {439--464},
	Publisher = {Institute of Mathematical Statistics},
	Title = {The statistical analysis of fMRI data},
	Volume = {23},
	Year = {2008}}
